@ARTICLE{Caraher2015-dn,
  title     = "Slow archaeology",
  author    = "Caraher, William",
  journal   = "North Dakota Quarterly",
  publisher = "hcommons.org",
  volume    =  80,
  number    =  2,
  pages     = "43--52",
  year      =  2015,
  url       = "https://hcommons.org/deposits/download/hc:11576/CONTENT/slow_archaeology.pdf"
}

@ARTICLE{Ballsun-Stanton2010-cn,
  title     = "Asking about data: Experimental philosophy of information
               technology",
  author    = "Ballsun-Stanton, B",
  journal   = "5th International conference on computer sciences",
  publisher = "ieeexplore.ieee.org",
  year      =  2010,
  url       = "https://ieeexplore.ieee.org/abstract/document/5711041/"
}

@MISC{Skala2004-zc,
  title        = "What Colour are your bits?",
  booktitle    = "Ansuz - mskala's home page",
  author       = "Skala, Matthew",
  month        =  jun,
  year         =  2004,
  url          = "https://ansuz.sooke.bc.ca/entry/23",
  howpublished = "\url{https://ansuz.sooke.bc.ca/entry/23}",
  note         = "Accessed: 2023-2-10",
  language     = "en"
}

@ARTICLE{Bruce2004-yc,
  title     = "The Continuum of Metadata Quality: Defining, Expressing,
               Exploiting",
  author    = "Bruce, Thomas R and Hillmann, Diane I",
  publisher = "ALA Editions",
  year      =  2004,
  url       = "https://ecommons.cornell.edu/handle/1813/7895",
  language  = "en"
}

@INCOLLECTION{Venn1881-yy,
  title     = "The universe of discourse",
  booktitle = "Symbolic logic",
  author    = "Venn, John",
  editor    = "Venn, John",
  publisher = "Macmillan and Co, xl",
  volume    =  446,
  pages     = "180--189",
  year      =  1881,
  url       = "https://psycnet.apa.org/fulltext/2009-24377-009.pdf",
  address   = "London, Great Britain",
  doi       = "10.1037/14127-009"
}

@ARTICLE{Skala2008-wh,
  title     = "Enforcing Copyright",
  author    = "Skala, Matthew and Bonfield, Brett and Torpey, Mary Fran",
  journal   = "Library journal",
  publisher = "Reed Business Information. 360 Park Avenue South, New York, NY
               10010. Tel: 646-746-6819; Fax: 646-746-6734; e-mail:
               ljinfo@reedbusiness.com; Web site: http://www.libraryjournal.com",
  volume    =  133,
  number    =  3,
  pages     = "28--30",
  month     =  feb,
  year      =  2008,
  url       = "http://www.libraryjournal.com/toc-archive/2008/20080215.html",
  language  = "en",
  issn      = "0363-0277"
}

@BOOK{Borges1975-rn,
  title     = "A Universal History of Infamy",
  author    = "Borges, Jorge Luis",
  publisher = "Penguin Books",
  year      =  1975,
  url       = "https://openlibrary.org/books/OL28124560M/Universal_History_of_Infamy",
  language  = "en",
  isbn      = "9780140039597"
}
