@ARTICLE{Caraher2015-dn,
  title     = "Slow archaeology",
  author    = "Caraher, William",
  journal   = "North Dakota Quarterly",
  publisher = "hcommons.org",
  volume    =  80,
  number    =  2,
  pages     = "43--52",
  year      =  2015,
  url       = "https://hcommons.org/deposits/download/hc:11576/CONTENT/slow_archaeology.pdf"
}

@BOOK{Galison1997-dz,
  title     = "Image and Logic: A Material Culture of Microphysics",
  author    = "Galison, Peter",
  publisher = "University of Chicago Press",
  month     =  oct,
  year      =  1997,
  language  = "en",
  isbn      = "9780226279176",
  lccn      = "96052177"
}

@ARTICLE{Ballsun-Stanton2010-cn,
  title     = "Asking about data: Experimental philosophy of information
               technology",
  author    = "Ballsun-Stanton, B",
  journal   = "5th International conference on computer sciences",
  publisher = "ieeexplore.ieee.org",
  year      =  2010,
  doi       = "10.1109/ICCIT.2010.5711041"
}

@MISC{Skala2004-zc,
  title        = "What Colour are your bits?",
  booktitle    = "Ansuz - mskala's home page",
  author       = "Skala, Matthew",
  month        =  jun,
  year         =  2004,
  url          = "https://web.archive.org/web/https://ansuz.sooke.bc.ca/entry/23",
  note         = "Accessed: 2023-2-10",
  language     = "en"
}

@ARTICLE{Borjesson2022-jl,
  title       = "Re-purposing Excavation Database Content as Paradata",
  author      = "B{\"o}rjesson, Lisa and Sk{\"o}ld, Olle and Friberg, Zanna and
                 L{\"o}wenborg, Daniel and P{\'a}lsson, G{\'\i}sli and Huvila,
                 Isto",
  journal     = "KULA: Knowledge Creation, Dissemination, and Preservation
                 Studies",
  volume      =  6,
  number      =  3,
  pages       = "1--18",
  year        =  2022,
  doi         = "10.18357/kula.221",
  original_id = "c69e8f19-69c0-0e5a-8d58-25ad6fb2dbd6"
}

@ARTICLE{Bruce2004-yc,
  title     = "The Continuum of Metadata Quality: Defining, Expressing,
               Exploiting",
  author    = "Bruce, Thomas R and Hillmann, Diane I",
  publisher = "ALA Editions",
  year      =  2004,
  language  = "en"
}

@INCOLLECTION{Venn1881-yy,
  title     = "The universe of discourse",
  booktitle = "Symbolic logic",
  author    = "Venn, John",
  editor    = "Venn, John",
  publisher = "Macmillan and Co, xl",
  volume    =  446,
  pages     = "180--189",
  year      =  1881,
  address   = "London, Great Britain",
  doi       = "10.1037/14127-009"
}

@ARTICLE{Skala2008-wh,
  title     = "Enforcing Copyright",
  author    = "Skala, Matthew and Bonfield, Brett and Torpey, Mary Fran",
  journal   = "Library journal",
  publisher = "Reed Business Information. 360 Park Avenue South, New York, NY
               10010. Tel: 646-746-6819; Fax: 646-746-6734; e-mail:
               ljinfo@reedbusiness.com; Web site: http://www.libraryjournal.com",
  volume    =  133,
  number    =  3,
  pages     = "28--30",
  month     =  feb,
  year      =  2008,
  language  = "en",
  issn      = "0363-0277"
}

@BOOK{Borges1975-rn,
  title     = "A Universal History of Infamy",
  author    = "Borges, Jorge Luis",
  publisher = "Penguin Books",
  year      =  1975,
  language  = "en",
  isbn      = "9780140039597"
}

@MISC{Mckenzie2022-tt,
  title        = "Accounting for {SaaS} and swords",
  booktitle    = "Bits about Money",
  author       = "Mckenzie, Patrick",
  month        =  mar,
  year         =  2022,
  url          = "https://web.archive.org/web/https://www.bitsaboutmoney.com/archive/accounting-for-saas-and-swords/",  
  note         = "Accessed: 2023-3-1"
}